@misc{NERTutorial,
  title = {{Named Entity Recognition: A Short Tutorial and Sample Business Application}},
  howpublished = {\url{http://www.informit.com/articles/article.aspx?p=2265404}},
  author = {Humphrey Sheil},
  year = {2015},
  month = {January},
  day = {15},
  publisher = {informIT},
  note = {Accessed: 2016-11-28}
}

@inproceedings{CoreNLP_NER,
	title={Incorporating Non-local Information into Information Extraction Systems by Gibbs Sampling},
	booktitle = {Proceedings of the 43nd Annual Meeting of the Association for Computational Linguistics (ACL 2005)},
	author = {Jenny Rose Finkel and Trond Grenager and Christopher Manning},
	year = {2005},
	pages = {363--370},
	howpublished = {\url{http://nlp.stanford.edu/~manning/papers/gibbscrf3.pdf}}
}

@misc{ChromeMixedContent,
	title={Preventing Mixed Content},
	howpublished= {\url{https://developers.google.com/web/fundamentals/security/prevent-mixed-content/fixing-mixed-content}},
	author = {Joel van Bergen},
	year = {2016},
	month = {February},
	publisher = {Web Fundamentals},
	note = {Accessed: 2016-11-28}
}

@misc{nginxReverseProxy,
	title={How To Configure Nginx with SSL as a Reverse Proxy for Jenkins},
	howpublished= {\url{https://www.digitalocean.com/community/tutorials/how-to-configure-nginx-with-ssl-as-a-reverse-proxy-for-jenkins}},
	author = {Josh Reichardt},
	year = {2014},
	month = {September},
	publisher = {Digital Ocean},
	note = {Accessed: 2016-11-28}
}

	
	