
@inproceedings{boehm_linda:_2012,
	title = {{LINDA}: distributed web-of-data-scale entity matching},
	url = {http://doi.acm.org/10.1145/2396761.2398582},
	doi = {10.1145/2396761.2398582},
	booktitle = {21st {ACM} {International} {Conference} on {Information} and {Knowledge} {Management}, {CIKM}'12, {Maui}, {HI}, {USA}, {October} 29 - {November} 02, 2012},
	author = {Boehm, Christoph and Melo, Gerard de and Naumann, Felix and Weikum, Gerhard},
	year = {2012},
	pages = {2104--2108}
}

@misc{openlink_software_openlink_2016,
	title = {{OpenLink} {Virtuoso} {Home} {Page}},
	url = {https://virtuoso.openlinksw.com/},
	urldate = {2016-12-02},
	author = {{OpenLink Software}},
	year = {2016},
	file = {OpenLink Virtuoso Home Page:C\:\\Users\\sasch_000\\AppData\\Roaming\\Zotero\\Zotero\\Profiles\\i4d0hz8q.default\\zotero\\storage\\2JWAT2ZR\\virtuoso.openlinksw.com.html:text/html}
}

@misc{dbpedia_dbpedia_????,
	title = {{DBpedia}},
	url = {http://wiki.dbpedia.org/},
	urldate = {2016-12-02},
	author = {{DBpedia}},
	file = {DBpedia:C\:\\Users\\sasch_000\\AppData\\Roaming\\Zotero\\Zotero\\Profiles\\i4d0hz8q.default\\zotero\\storage\\27Q58B2K\\wiki.dbpedia.org.html:text/html}
}

@misc{dbpedia_dbpedia_2016,
	title = {{DBpedia} datasets},
	url = {http://wiki.dbpedia.org/services-resources/datasets/dbpedia-datasets},
	urldate = {2016-12-02},
	author = {{DBpedia}},
	year = {2016},
	file = {DBpedia datasets | DBpedia:C\:\\Users\\sasch_000\\AppData\\Roaming\\Zotero\\Zotero\\Profiles\\i4d0hz8q.default\\zotero\\storage\\QKF75AUS\\dbpedia-datasets.html:text/html}
}

@misc{pierre-yves_vandenbussche_sparql_2013,
	title = {{SPARQL} {Endpoints} {Status}},
	url = {http://sparqles.ai.wu.ac.at/},
	urldate = {2016-12-02},
	author = {{Pierre-Yves Vandenbussche}},
	year = {2013},
	file = {SPARQL Endpoints Status:C\:\\Users\\sasch_000\\AppData\\Roaming\\Zotero\\Zotero\\Profiles\\i4d0hz8q.default\\zotero\\storage\\E4KS9EM4\\sparqles.ai.wu.ac.at.html:text/html}
}

@misc{apache_apache_2016,
	title = {Apache {Jena} - {Home}},
	copyright = {The Apache Software Foundation},
	url = {https://jena.apache.org/},
	urldate = {2016-12-02},
	author = {{Apache}},
	year = {2016},
	file = {Apache Jena - Home:C\:\\Users\\sasch_000\\AppData\\Roaming\\Zotero\\Zotero\\Profiles\\i4d0hz8q.default\\zotero\\storage\\MADPI9QX\\jena.apache.org.html:text/html}
}

@misc{stanford_university_webprotege_2016,
	title = {{WebProtege}},
	url = {http://webprotege.stanford.edu/#List:coll=Home;},
	urldate = {2016-12-02},
	author = {{Stanford University}},
	year = {2016},
	file = {WebProtege:C\:\\Users\\sasch_000\\AppData\\Roaming\\Zotero\\Zotero\\Profiles\\i4d0hz8q.default\\zotero\\storage\\DBG3RA2R\\webprotege.stanford.edu.html:text/html}
}