
@inproceedings{boehm_linda:_2012,
	title = {{LINDA}: distributed web-of-data-scale entity matching},
	url = {http://doi.acm.org/10.1145/2396761.2398582},
	doi = {10.1145/2396761.2398582},
	booktitle = {21st {ACM} {International} {Conference} on {Information} and {Knowledge} {Management}, {CIKM}'12, {Maui}, {HI}, {USA}, {October} 29 - {November} 02, 2012},
	author = {Boehm, Christoph and Melo, Gerard de and Naumann, Felix and Weikum, Gerhard},
	year = {2012},
	pages = {2104--2108}
}